@MISC{Bod_probabilisticgrammars,
    author = {Rens Bod},
    title = {Probabilistic Grammars for Music},
    year = {}
}

@book{music-theory,
  Author = {Bruce Benward and Marilyn Saker},
  Title = {Music in Theory and Practice, Vol. 1 (v. 1)},
  Publisher = {McGraw-Hill},
  Year = {2008},
  ISBN = {0073101877},
  URL = {https://www.amazon.com/Music-Theory-Practice-Vol-v/dp/0073101877%3FSubscriptionId%3D0JYN1NVW651KCA56C102%26tag%3Dtechkie-20%26linkCode%3Dxm2%26camp%3D2025%26creative%3D165953%26creativeASIN%3D0073101877}
}

@MISC{essen,
    author = {E. Selfridge-Field},
    title = {The Essen Musical Data Package},
    year = {1995},
    publisher = {California: Center for Computer Assisted Research in the Humanities (CCARH)}
}

@inproceedings{nlp-score,
    author = {E. Black and et al},
    booktitle = {Speech and Natural Language: Proceedings of a Workshop Held at Pacific Grove, California, February 19-22, 1991},
    title = {A Procedure for Quantitatively Comparing the Syntactic Coverage of English Grammars},
    url = {http://www.aclweb.org/anthology/H91-1060},
    year = {1991},
    pages = {306--5}
}
    
@book{manning,
  added-at = {2007-12-07T10:02:43.000+0100},
  address = {Cambridge, Massachusetts},
  author = {Manning, Christopher D. and Sch{\"u}tze, Hinrich},
  biburl = {https://www.bibsonomy.org/bibtex/22fad675aa6ae88082af2507c16d54343/hotho},
  interhash = {a81df02f92f266a51183fe936f588a08},
  intrahash = {2fad675aa6ae88082af2507c16d54343},
  keywords = {lecture nlp},
  publisher = {The {MIT} Press},
  timestamp = {2007-12-07T10:02:43.000+0100},
  title = {Foundations of Statistical Natural Language Processing},
  url = {http://nlp.stanford.edu/fsnlp/},
  year = 1999
}

@inproceedings{Bod93,
  author    = {Rens Bod},
  title     = {Using an Annotated Language Corpus as a Virtual Stochastic Grammar},
  booktitle = {Proceedings of the 11th National Conference on Artificial Intelligence.
               Washington, DC, USA, July 11-15, 1993.},
  pages     = {778--783},
  year      = {1993},
  crossref  = {DBLP:conf/aaai/1993},
  url       = {http://www.aaai.org/Library/AAAI/1993/aaai93-116.php},
  timestamp = {Tue, 11 Dec 2012 17:40:41 +0100},
  biburl    = {http://dblp2.uni-trier.de/rec/bib/conf/aaai/Bod93},
  bibsource = {dblp computer science bibliography, http://dblp.org}
}
@proceedings{DBLP:conf/aaai/1993,
  editor    = {Richard Fikes and
               Wendy G. Lehnert},
  title     = {Proceedings of the 11th National Conference on Artificial Intelligence.
               Washington, DC, USA, July 11-15, 1993},
  publisher = {{AAAI} Press / The {MIT} Press},
  year      = {1993},
  url       = {http://www.aaai.org/Conferences/AAAI/aaai93.php},
  isbn      = {0-262-51071-5},
  timestamp = {Thu, 01 Dec 2011 17:16:21 +0100},
  biburl    = {http://dblp2.uni-trier.de/rec/bib/conf/aaai/1993},
  bibsource = {dblp computer science bibliography, http://dblp.org}
}

@article{Seneff1992,
 author = {Seneff, Stephanie},
 title = {TINA: A Natural Language System for Spoken Language Applications},
 journal = {Comput. Linguist.},
 issue_date = {March 1992},
 volume = {18},
 number = {1},
 month = mar,
 year = {1992},
 issn = {0891-2017},
 pages = {61--86},
 numpages = {26},
 url = {http://dl.acm.org/citation.cfm?id=146680.146688},
 acmid = {146688},
 publisher = {MIT Press},
 address = {Cambridge, MA, USA},
} 

